<?xml version="1.0" encoding="UTF-8"?><collection xmlns="http://www.loc.gov/MARC21/slim"><record><leader>00412nam--2200157-u-4500</leader><controlfield tag="001">000056510</controlfield><controlfield tag="002">20161230</controlfield><controlfield tag="005">20161230201052</controlfield><controlfield tag="008">151111s1000------------r-----000-0-eng-d</controlfield><datafield ind1=" " ind2=" " tag="040"><subfield code="a">IFIN-HH</subfield></datafield><datafield ind1=" " ind2=" " tag="080"><subfield code="a">53</subfield></datafield><datafield ind1="1" ind2=" " tag="110"><subfield code="a">National Academy Of Sciences</subfield></datafield><datafield ind1="1" ind2="0" tag="245"><subfield code="a">Nuclear data sheets, 1959, set 6, paper</subfield></datafield><datafield ind1=" " ind2=" " tag="260"><subfield code="a">Whaishington, D.C</subfield><subfield code="b">National Academy Of Sciences</subfield><subfield code="c">1959</subfield></datafield><datafield ind1=" " ind2=" " tag="300"><subfield code="a">138 SHEETS</subfield></datafield><datafield ind1=" " ind2=" " tag="852"><subfield code="a">12469</subfield></datafield></record></collection>